@article{lecun2015deep,
  title={Deep learning},
  author={LeCun, Yann and Bengio, Yoshua and Hinton, Geoffrey},
  journal={nature},
  volume={521},
  number={7553},
  pages={436--444},
  year={2015},
  publisher={Nature Publishing Group}
}
@article{learning2020deep,
  title={Deep learning},
  author={Learning, Deep},
  journal={High-Dimensional Fuzzy Clustering},
  year={2020}
}
@book{bengio2017deep,
  title={Deep learning},
  author={Bengio, Yoshua and Goodfellow, Ian and Courville, Aaron},
  volume={1},
  year={2017},
  publisher={MIT press Cambridge, MA, USA}
}